<?xml version="1.0" encoding="UTF-8"?><collection xmlns="http://www.loc.gov/MARC21/slim"><record><leader>00521nam--2200193-u-4500</leader><controlfield tag="001">000056748</controlfield><controlfield tag="002">20190515</controlfield><controlfield tag="005">20190515025403</controlfield><controlfield tag="008">190515s1000------------r-----000-0-eng-d</controlfield><datafield ind1=" " ind2=" " tag="040"><subfield code="a">IFIN-HH</subfield></datafield><datafield ind1=" " ind2=" " tag="041"><subfield code="a">eng</subfield></datafield><datafield ind1="1" ind2=" " tag="100"><subfield code="a">Ashcroft, Neil W</subfield></datafield><datafield ind1="1" ind2="0" tag="245"><subfield code="a">Solid State Physics</subfield><subfield code="c">Neil W. Ashcroft, N. David Mermin</subfield></datafield><datafield ind1=" " ind2=" " tag="260"><subfield code="a">Forth Worth</subfield><subfield code="b">Saunders College Publishing</subfield><subfield code="c">1976</subfield></datafield><datafield ind1=" " ind2=" " tag="300"><subfield code="a">VIII-XXI + 826 p</subfield></datafield><datafield ind1=" " ind2=" " tag="500"><subfield code="a">Donatie Brancus</subfield></datafield><datafield ind1="1" ind2=" " tag="700"><subfield code="a">Mermin, N.David</subfield></datafield><datafield ind1=" " ind2=" " tag="852"><subfield code="a">82733</subfield><subfield code="c">53</subfield></datafield><datafield ind1=" " ind2=" " tag="CAT"><subfield code="a">SYS</subfield><subfield code="c">20190515</subfield><subfield code="h">025403</subfield></datafield></record></collection>